<?xml version="1.0" encoding="UTF-8"?><record xmlns="http://www.loc.gov/MARC21/slim" xmlns:cinclude="http://apache.org/cocoon/include/1.0" xmlns:zs="http://www.loc.gov/zing/srw/">
  <leader>00340nz  a2200121n  4500</leader>
  <controlfield tag="001">n  94048565 </controlfield>
  <controlfield tag="003">DLC</controlfield>
  <controlfield tag="005">19940519162907.5</controlfield>
  <controlfield tag="008">940519n| acannaab|          |n aaa |||  </controlfield>
  <datafield tag="010" ind1=" " ind2=" ">
    <subfield code="a">n  94048565 </subfield>
  </datafield>
  <datafield tag="040" ind1=" " ind2=" ">
    <subfield code="a">DLC</subfield>
    <subfield code="c">DLC</subfield>
  </datafield>
  <datafield tag="100" ind1="1" ind2="0">
    <subfield code="a">Wilson, Lynn B.,</subfield>
    <subfield code="d">1953-</subfield>
  </datafield>
  <datafield tag="670" ind1=" " ind2=" ">
    <subfield code="a">Her Speaking to power, 1994:</subfield>
    <subfield code="b">CIP t.p. (Lynn B. Wilson) data sheet (b. 10/31/53)</subfield>
  </datafield>
</record>